% Encoding: UTF-8

@Book{Banerjee2011,
  author    = {Abhijit V. Banerjee and Esther Duflo},
  publisher = {PublicAffairs},
  title     = {{Poor Economics : A Radical Rethinking of the Way to Fight Global Poverty}},
  year      = {2011},
  address   = {New York},
  isbn      = {9781586487980},
  month     = apr,
}

@Article{Chancel2019,
  author    = {Lucas Chancel and Thomas Piketty},
  journal   = {Review of Income and Wealth},
  title     = {{Indian Income Inequality, 1922-2015: From British Raj to Billionaire Raj?}},
  year      = {2019},
  month     = {oct},
  number    = {S1},
  volume    = {65},
  doi       = {10.1111/roiw.12439},
  publisher = {Wiley},
  url       = {https://doi.org/10.1111/roiw.12439},
}

@Book{Collins2009,
  author    = {Daryl Collins and Jonathan Morduch and Stuart Rutherford and Orlanda Ruthven},
  publisher = {Princeton University Press},
  title     = {{Portfolios of the Poor: How the World's Poor Live on \$2 a Day}},
  year      = {2009},
  address   = {Princeton},
  month     = {dec},
  doi       = {10.1515/9781400829965},
  url       = {https://www.jstor.org/stable/j.ctt7rzr4},
}

@Article{Goedecke2017,
  author    = {Jann Goedecke and Isabelle Gu{\'e}rin and Bert D'Espallier and Govindan Venkatasubramanian},
  journal   = {Development Policy Review},
  title     = {{Why do financial inclusion policies fail in mobilizing savings from the poor? Lessons from rural south India}},
  year      = {2017},
  month     = {nov},
  pages     = {O201--O219},
  volume    = {36},
  doi       = {10.1111/dpr.12272},
  publisher = {Wiley},
  url       = {https://doi.org/10.1111/dpr.12272},
}

@Book{Gregory1997,
  author    = {Chris A. Gregory},
  publisher = {Arwood Academic Publishers},
  title     = {{Savage Money: The Anthropology and Politics of Commodity Exchange}},
  year      = {1997},
  address   = {Amsterdam},
}

@Article{Guerin2017,
  author  = {Isabelle Gu{\'e}rin and Youna Lanos and S{\'e}bastien Michiels and Christophe Jalil Nordman and Govindan Venkatasubramanian},
  journal = {Economic \& Political Weekly},
  title   = {Insights on Demonetisation from Rural Tamil Nadu},
  year    = {2017},
  pages   = {44--53},
  volume  = {52},
  url     = {https://hal.archives-ouvertes.fr/hal-01824464},
}

@Book{Guerin2013,
  editor    = {Isabelle Gu{\'e}rin and Solène Morvant-Roux and Magdalena Villareal},
  publisher = {Routledge},
  title     = {{Microfinance, Debt and over-indebtedness: Juggling with Money}},
  year      = {2013},
  address   = {London and New-York},
}

@Article{Guerin2019,
  author    = {Isabelle Gu{\'{e}}rin and Govindan Venkatasubramanian and Santosh Kumar},
  journal   = {Journal of Cultural Economy},
  title     = {Rethinking saving: Indian ceremonial gifts as relational and reproductive saving},
  year      = {2019},
  month     = {apr},
  pages     = {1--15},
  doi       = {10.1080/17530350.2019.1583594},
  publisher = {Informa {UK} Limited},
  url       = {https://doi.org/10.1080/17530350.2019.1583594},
}

@Book{Han2012,
  author    = {Clara Han},
  publisher = {University of California Press},
  title     = {{Life in Debt: Times of Care and Violence in Neoliberal Chile}},
  year      = {2012},
  address   = {Berkeley},
}

@InCollection{Harriss-White2004,
  author    = {Barbara Harriss-White and Diego Colatei},
  booktitle = {{Rural India Facong the 21st Centuty. Essays on Long Term Change and Recent Development Policy}},
  publisher = {Anthem South Asian Studies},
  title     = {{Rural Credit and the Collateral Question}},
  year      = {2004},
  address   = {London},
  editor    = {Barbara Harriss-White and Janakarajan},
}

@TechReport{Hilger2020,
  author      = {Anne Hilger and Christophe Jalil Nordman},
  institution = {IZA (Institute of Labor Economics)},
  title       = {{The Determinants of Trust: Evidence from Rural South India}},
  year        = {2020},
  address     = {Bonn},
  month       = apr,
  number      = {13150},
  type        = {Discussion Paper},
}

@Book{James2015,
  author    = {Deborah James},
  publisher = {Stanford University Press},
  title     = {{Money from Nothing: Indebtedness and Aspiration in South Africa}},
  year      = {2015},
  address   = {Stanford},
}

@Article{James2017,
  author    = {Deborah James},
  journal   = {Journal of Ethnographic Theory},
  title     = {Deductions and counter-deductions in South Africa},
  year      = {2017},
  month     = {dec},
  number    = {3},
  pages     = {281--304},
  volume    = {7},
  doi       = {10.14318/hau7.3.016},
  publisher = {{HAU}, Journal of Ethnographic Theory},
  url       = {https://doi.org/10.14318/hau7.3.016},
}

@Book{Sahas2020,
  author    = {{Jan Sahas}},
  publisher = {Jan Sahas (People's Courage fo Change)},
  title     = {{Voices of the Invisibles. A Rapid Assessment on the Impact of Covid-19 Lockdown on Internal Migrant Workers. Recommandations for the State, Industry and Philantropists}},
  year      = {2020},
  address   = {New-Delhi},
}

@InCollection{Joseph2013,
  author    = {Nithya Joseph},
  booktitle = {{Microfinance, Debt and over-indebtedness: Juggling with Money}},
  publisher = {Routledge},
  title     = {{Mortgaging Used Saree-Skirts, Spear-Heading Resistance: Narratives from the Microfinance Repayment Standoff in Ramanagaram, India, 2008-2010}},
  year      = {2013},
  address   = {London and New-York},
  editor    = {Isabelle Gu{\'e}rin and Sol{\`e}ne Morvant-Roux and Magdalena Villareal},
  pages     = {272--294},
}

@Book{Kane2012,
  author    = {Panduranga Vamana K\={a}ne},
  publisher = {Bhandarkar Oriental Research Institute},
  title     = {{History of Dharmasastra (Ancient and Mediaeval Religious and Civil Law)}},
  year      = {2012},
  address   = {Poona},
  note      = {First Edition in 1941},
}

@Book{Kar2018,
  author    = {Sohini Kar},
  publisher = {Stanford University Press},
  title     = {{Financializing Poverty: Labor and Risk in Indian Microfinance}},
  year      = {2018},
  address   = {Stanford},
}

@Article{Karlan2014,
  author    = {Dean Karlan and Aishwarya Lakshmi Ratan and Jonathan Zinman},
  journal   = {Review of Income and Wealth},
  title     = {Savings by and for the Poor: A Research Review and Agenda},
  year      = {2014},
  month     = {feb},
  number    = {1},
  pages     = {36--78},
  volume    = {60},
  doi       = {10.1111/roiw.12101},
  publisher = {Wiley},
  url       = {https://doi.org/10.1111/roiw.12101},
}

@Article{Lainez2020,
  author    = {Nicolas Lainez},
  journal   = {Geoforum},
  title     = {Debt, trafficking and safe migration: The brokered mobility of Vietnamese sex workers to Singapore},
  year      = {2020},
  month     = {mar},
  doi       = {10.1016/j.geoforum.2020.01.021},
  publisher = {Elsevier {BV}},
  url       = {https://doi.org/10.1016/j.geoforum.2020.01.021},
}

@Book{Lavinas2017,
  author    = {Lena Lavinas},
  publisher = {Palgrave Macmillan},
  title     = {{The Takeover of Social Policy by Financialization: the Brazilian Paradox}},
  year      = {2013},
  address   = {New-York},
}

@InCollection{Morvant2013,
  author    = {Sol{\`e}ne Morvant-Roux},
  booktitle = {{Microfinance, Debt and Over-indebtedness: Juggling with Money}},
  publisher = {Routledge},
  title     = {{International Migration and Over-indebtedness in Rural Mexico}},
  year      = {2013},
  address   = {London and New-York},
  editor    = {Isabelle Guérin and Solène Morvant-Roux and Magdalena Villareal},
  pages     = {170--192},
}

@Article{Nagaraj2020,
  author  = {Anuradha Nagaraj and Roli Srivastava},
  journal = {The Jakarta Post},
  title   = {{No Work, New Debt: Virus Creates Perfect Storm for Slavery in India}},
  year    = {2020},
  month   = apr,
  url     = {https://www.thejakartapost.com/news/2020/04/13/no-work-new-debt-virus-creates-perfect-storm-for-slavery-in-india.html},
}

@InCollection{Nair2016,
  author    = {Tara Nair},
  booktitle = {Social Development Report 2016},
  publisher = {Oxford University Press},
  title     = {{In Pursuit of an Inclusive Finance-Scape in India: Changing Course, Shifting Goals}},
  year      = {2016},
  address   = {New-Delhi},
  editor    = {Kalpana Kannabiran and Asha Hans},
  pages     = {279--294},
}

@TechReport{Nordman2019,
  author      = {Christophe Jalil Nordman and Isabelle Gu{\'e}rin and Arnaud Natal and S{\'e}bastien Michiels and Govindan Venkatasubramanian},
  institution = {IFP (French Institute of Pondicherry) and IRD (Institut de Recherche pour le Développement)},
  title       = {{NEEMSIS Survey Report: A Full Statistical Picture of the Household and Individual Data}},
  year        = {2019},
  address     = {Pondicherry and Paris},
  month       = dec,
  url         = {https://f.hypotheses.org/wp-content/blogs.dir/3627/files/2020/04/NEEMSIS-Survey-Report-2019_Statistical-Tables.pdf},
}

@TechReport{Nordman2017,
  author      = {Christophe Jalil Nordman and Isabelle Gu{\'e}rin and Govindan Venkatasubramanian and S{\'e}bastien Michiels and Youna Lanos and Santosh Kumar and Antony Raj and Anne Hilger},
  institution = {IFP (French Institute of Pondicherry) and IRD (Institut de Recherche pour le Dévelopement)},
  title       = {{NEEMSIS Survey Manual}},
  year        = {2017},
  address     = {Pondicherry and Paris},
  month       = nov,
  url         = {https://f.hypotheses.org/wp-content/blogs.dir/3627/files/2018/05/NEEMSIS_manual_final.pdf},
}

@Article{Peebles2014,
  author    = {Gustav Peebles},
  journal   = {Africa},
  title     = {{Rehabilitating the Hoard: The Social Dynamics of Unbanking in Africa and Beyond}},
  year      = {2014},
  month     = {oct},
  number    = {4},
  pages     = {595--613},
  volume    = {84},
  doi       = {10.1017/s0001972014000485},
  publisher = {Cambridge University Press ({CUP})},
  url       = {https://doi.org/10.1017/S0001972014000485},
}

@Article{Peebles2020,
  author  = {Gustav Peebles},
  journal = {Oxford Research Encyclopedia of Anthropology},
  title   = {{Hoarding and Saving}},
  year    = {2020},
  month   = apr,
  doi     = {10.1093/acrefore/9780190854584.013.80},
  url     = {https://doi.org/10.1093/acrefore/9780190854584.013.80},
}

@Book{Rutherford2000,
  author    = {Stuart Rutherford},
  publisher = {Oxford University Press},
  title     = {{The Poor and Their Money}},
  year      = {2000},
  address   = {New-Delhi and New-York},
}

@InCollection{Servet2013,
  author    = {Jean-Michel Servet and Hadrien Saiag},
  booktitle = {{Microfinance, Debt and Over-indebtedness}},
  publisher = {Routledge},
  title     = {{Household Over-indebtedness in Northern and Southern Countries}},
  year      = {2013},
  editor    = {Isabelle Gu{\'e}rin and Sol{\`e}ne Morvant-Roux and Magdalena Villareal},
  pages     = {44--65},
}

@Book{Shipton,
  author    = {Parker MacDonal Shipton},
  publisher = {Yale University Press},
  title     = {{The Nature of Entrustment: Intimacy, Exchange, and the Sacred in Africa}},
  year      = {2007},
  address   = {Yale},
}

@TechReport{Subramanian2019,
  author      = {Arvind Subramanian},
  institution = {Center for International Development, Harvard University CID Faculty},
  title       = {{India’s GDP Mis-Estimation: Likelihood, Magnitudes, Mechanisms, and Implications}},
  year        = {2019},
  number      = {354},
  type        = {Working Paper},
}

@Article{Appadurai2004,
  author  = {Arjun Appadurai},
  journal = {Culture and Public Action},
  title   = {{The Capacity to Aspire}},
  year    = {2004},
  pages   = {59--84},
}

@TechReport{Bhagat2020,
  author      = {R. B. Bhagat and R. S. Reshmi and Reshmi Sahoo and Archana K. Roy and Dipti Govil},
  institution = {{International Institute for Population Sciences}},
  title       = {{The COVID-19, Migration and Livelihood in India. A Background Paper for Policy Makers}},
  year        = {2020},
  address     = {Mumbai},
}

@Book{Breman1974,
  author    = {Jan Breman},
  publisher = {University of California Press},
  title     = {{Patronage and Exploitation: Changing Agrarian Relations in South Gujarat, India}},
  year      = {1974},
  address   = {Berkeley},
}

@Article{Cooper1995,
  author    = {Barbara M. Cooper},
  journal   = {The Journal of African History},
  title     = {Women's Worth and Wedding Gift Exchange in Maradi, Niger, 1907-89},
  year      = {1995},
  month     = {mar},
  number    = {1},
  pages     = {121--140},
  volume    = {36},
  doi       = {10.1017/s0021853700027006},
  publisher = {Cambridge University Press ({CUP})},
  url       = {https://doi.org/10.1017/S0021853700027006},
}

@Article{DeNeve2016,
  author    = {Geert {De Neve}},
  journal   = {Modern Asian Studies},
  title     = {The Economies of Love: Love marriage, kin support, and aspiration in a South Indian garment city},
  year      = {2016},
  month     = {apr},
  number    = {4},
  pages     = {1220--1249},
  volume    = {50},
  doi       = {10.1017/s0026749x14000742},
  publisher = {Cambridge University Press ({CUP})},
  url       = {https://doi.org/10.1017/S0026749X14000742},
}

@TechReport{Demirguc2018,
  author      = {Asli Demirg\"{u}\c{c}-Kunt and Leora Klapper and Dorothe Singer and Saniya Ansar and Jake Hess},
  institution = {The World Bank},
  title       = {{The Global Findex Database 2017: Measuring Financial Inclusion and the Fintech Revelution}},
  year        = {2018},
  address     = {Washington DC},
}

@Book{Dupuy2014,
  author    = {Jean-Pierre Dupuy},
  publisher = {Calmann-Lévy},
  title     = {{Le Sacrifice et l'envie: Le Libéralisme aux Prises avec la Justice Sociale}},
  year      = {2014},
}

@Article{Gonzalez2015,
  author    = {Felipe Gonzalez},
  journal   = {Cultural Studies},
  title     = {Where are the Consumers?},
  year      = {2015},
  month     = {mar},
  number    = {5-6},
  pages     = {781--806},
  volume    = {29},
  doi       = {10.1080/09502386.2015.1017144},
  publisher = {Informa {UK} Limited},
  url       = {https://doi.org/10.1080/09502386.2015.1017144},
}

@Article{Guerin2013a,
  author    = {Isabelle Gu{\'{e}}rin},
  journal   = {Journal of Agrarian Change},
  title     = {Bonded Labour, Agrarian Changes and Capitalism: Emerging Patterns in South India},
  year      = {2013},
  month     = {jun},
  number    = {3},
  pages     = {405--423},
  volume    = {13},
  doi       = {10.1111/joac.12029},
  publisher = {Wiley},
  url       = {https://doi.org/10.1111/joac.12029},
}

@InCollection{Guerin2014,
  author    = {Isabelle Gu{\'e}rin and Govindan Venkatasubramanian and S{\'e}bastien Michiels},
  booktitle = {{Indian Capitalism in Development}},
  publisher = {Routledge},
  title     = {{Labour in Contemporary South India}},
  year      = {2014},
  address   = {London},
  editor    = {Barbara Harriss-White and Judith Heyer},
  pages     = {118--135},
}

@Book{Harriss2006,
  author    = {John Harriss},
  publisher = {Oxford University Press},
  title     = {{Power Matters: Essay on Institutions, Politics and Society in India}},
  year      = {2006},
  address   = {New-York and New-Delhi},
}

@Article{Harriss2013,
  author    = {John Harriss},
  journal   = {Journal of Agrarian Change},
  title     = {Does `Landlordism' Still Matter? Reflections on Agrarian Change in India},
  year      = {2013},
  month     = {jun},
  number    = {3},
  pages     = {351--364},
  volume    = {13},
  doi       = {10.1111/joac.12024},
  publisher = {Wiley},
  url       = {https://doi.org/10.1111/joac.12024},
}

@InCollection{Harriss2016,
  author    = {John Harriss and J. Jeyaranjan},
  booktitle = {{The Changing Village in India: Insights from Longitudinal Research}},
  publisher = {Oxford University Press},
  title     = {{Rural Tamil Nadu in the Liberalization Era: What Do We Learn from Village Studies?}},
  year      = {2016},
  editor    = {Himanshu and Praveen Jha and Gerry Rodgers},
  doi       = {10.1093/acprof:oso/9780199461868.001.0001},
}

@Book{Harriss-White2003,
  author    = {Barbara Harriss-White},
  publisher = {Cambridge University Press},
  title     = {{India Working: Essays on Society and Economy}},
  year      = {2003},
  address   = {Cambridge},
  volume    = {8},
}

@Article{Harriss-White2020,
  author  = {Barbara Harriss-White},
  journal = {The Wire},
  title   = {{The Modi Sarkar's Project for India's Informal Economy}},
  year    = {2020},
  month   = may,
  url     = {https://thewire.in/political-economy/the-modi-sarkars-project-for-indias-informal-economy},
}

@Article{Hart2000,
  author  = {Keith Hart},
  journal = {Trust: Laking and Breaking Cooperative Relations},
  title   = {{Kinship, Contract, and Trust: The Economic Organization of Migrants in an African City Slum}},
  year    = {2000},
  pages   = {176--193},
}

@Article{Himanshu2011,
  author  = {Himanshu},
  journal = {Economic \& Political Weekly},
  title   = {{Employment Trends in India: A Re-examination}},
  year    = {2011},
  month   = sep,
  number  = {37},
  volume  = {46},
}

@TechReport{ILO2016,
  author      = {{ILO}},
  institution = {International Labour Organization},
  title       = {{India Labour Market Update}},
  year        = {2016},
  address     = {Geneva},
  type        = {Data},
}

@TechReport{ILO2018,
  author       = {{ILO}},
  institution  = {International Labour Organization},
  title        = {{Paid Employment vs Vulnerable Employment}},
  year         = {2018},
  address      = {Geneva},
  type         = {Data},
  edition      = {Spot Light on Work Statistics 3},
  organization = {{ILOSTAT}},
}

@TechReport{ILO2020,
  author      = {{ILO}},
  institution = {International Labour Organization},
  title       = {{ILO Monitor: COVID-19 and the World of Work. Third Edition Updated Estimates and Analysis}},
  year        = {2020},
  address     = {Geneva},
  type        = {Data},
}

@InCollection{Lerche2009,
  author    = {Jens. Lerche},
  booktitle = {{The Comparative Political Economy of Development}},
  publisher = {Routledge},
  title     = {{From Rural Labour to Classes of Labour: Class Fragmentation, Caste and Class Struggle at the Bottom of the Indian Labour Hierarchy}},
  year      = {2009},
  address   = {London},
  pages     = {90-111},
}

@InCollection{Mauss1993,
  author    = {Marcel Mauss},
  booktitle = {{Sociologie et Anthropologie}},
  publisher = {PUF},
  title     = {{Essai sur le Don, Forme et Raison de l'Échange dans les Sociétés Archaiques (1923-24)}},
  year      = {1993},
  address   = {Paris},
  pages     = {143--279},
}

@Article{Mohanty2005,
  author  = {Bibhuti B. Mohanty},
  journal = {Journal of Peasant Studies},
  title   = {{We are like the Living Dead: Farmer Suicides in Maharashtra, Western India}},
  year    = {2005},
  number  = {2},
  pages   = {243--276},
  volume  = {32},
}

@TechReport{Mukho2020,
  author      = {Partha Mukhopadhyay and Mukta Naik and Yamini Aiyar},
  institution = {{Center for Policy Research}},
  title       = {{The Coronavirus Pandemic: Why are Indian's Migrants Walking Home?}},
  year        = {2020},
  month       = apr,
  url         = {https://www.cprindia.org/news/8604},
}

@Article{Nguyen2017,
  author    = {Chi Huu Nguyen and Christophe J. Nordman},
  journal   = {The Journal of Development Studies},
  title     = {Household Entrepreneurship and Social Networks: Panel Data Evidence from Vietnam},
  year      = {2017},
  month     = {mar},
  number    = {4},
  pages     = {594--618},
  volume    = {54},
  doi       = {10.1080/00220388.2017.1303668},
  publisher = {Informa {UK} Limited},
  url       = {https://doi.org/10.1080/00220388.2017.1303668},
}

@Article{Pandian2000,
  author  = {M. S. Pandian},
  journal = {Economic \& Political Weekly},
  title   = {{Dalit Assertion in Tamil Nadu: An Exploratory Note}},
  year    = {2000},
  number  = {3},
  pages   = {501--517},
  volume  = {12},
}

@Article{Peebles2010,
  author    = {Gustav Peebles},
  journal   = {Annual Review of Anthropology},
  title     = {The Anthropology of Credit and Debt},
  year      = {2010},
  month     = {oct},
  number    = {1},
  pages     = {225--240},
  volume    = {39},
  doi       = {10.1146/annurev-anthro-090109-133856},
  publisher = {Annual Reviews},
  url       = {https://doi.org/10.1146/annurev-anthro-090109-133856},
}

@TechReport{Picherit2020,
  author      = {David Picherit},
  institution = {{The Conversation}},
  title       = {{En Inde, les travailleurs migrants abandonnées à leur sort}},
  year        = {2020},
  month       = apr,
  url         = {https://theconversation.com/en-inde-les-travailleurs-migrants-abandonnes-a-leur-sort-135851},
}

@Article{Platteau1994,
  author    = {Jean-Phiilippe Platteau},
  journal   = {Journal of Development Studies},
  title     = {Behind the market stage where real societies exist - part I: The role of public and private order institutions},
  year      = {1994},
  month     = {apr},
  number    = {3},
  pages     = {533--577},
  volume    = {30},
  doi       = {10.1080/00220389408422328},
  publisher = {Informa {UK} Limited},
  url       = {https://doi.org/10.1080/00220389408422328},
}

@Book{Platteau2015,
  author    = {Jean-Philippe Platteau},
  publisher = {Routledge},
  title     = {{Institutions, Social Norms and Economic Development}},
  year      = {2015},
  address   = {London},
  note      = {First edition in 2000},
}

@InCollection{Pouchepadass1980,
  author    = {Jacques Pouchepadass},
  booktitle = {La dette},
  publisher = {EHESS},
  title     = {{L'endettement Paysan dans le Bihar colonial}},
  year      = {1980},
  address   = {Paris},
  editor    = {C. Malamoud},
  pages     = {165--205},
  journal   = {Sciences Sociales en Asie du Sud},
}

@TechReport{Rhyne2020,
  author      = {Elisabeth Rhyne},
  institution = {{Financial Access Initiative}},
  title       = {{Banking on Human Capital: What Financial Insitutions Need to Do -Now- to Enable a COVID-19 Recovery}},
  year        = {2020},
  month       = apr,
  url         = {https://www.financialaccess.org/blog/2020/5/11/banking-on-human-capital-what-financial-institutions-need-to-do-now-to-enable-a-covid-19-recovery},
}

@Article{Saiag2000,
  author  = {Hadrien Saiag},
  journal = {Focaal--Journal of Global and Historical Anthropology},
  title   = {{Financialization from the Margins Notes on the Incorporation of Argentina's Subproletariat into Consumer Credit (2009-2015)}},
  year    = {2020},
  pages   = {1--17},
}

@Article{Saiag2020,
  author    = {Hadrien Saiag},
  journal   = {Focaal},
  title     = {Financialization from the margins},
  year      = {2020},
  month     = {jun},
  number    = {87},
  pages     = {16--32},
  volume    = {2020},
  doi       = {10.3167/fcl.2020.012804},
  publisher = {Berghahn Books},
  url       = {https://doi.org/doi:10.3167/fcl.2020.012804},
}

@Book{Shah2018,
  author    = {Alpa Shah and Jens Lerche and Richard Axelby and Delel Benbabaali and Brendan Donegan and Jayaseelan Raj and Vikramadity Thakur},
  publisher = {Pluto Press},
  title     = {{Ground Down by Growth. Tribe, Caste, Class and Inequality in Twenty-First Century India}},
  year      = {2018},
  address   = {London},
}

@Article{Shah2012,
  author    = {Esha Shah},
  journal   = {Journal of Peasant Studies},
  title     = {`A life wasted making dust':affective histories of dearth, death, debt and farmers{\textquotesingle} suicides in India},
  year      = {2012},
  month     = {dec},
  number    = {5},
  pages     = {1159--1179},
  volume    = {39},
  doi       = {10.1080/03066150.2011.653344},
  publisher = {Informa {UK} Limited},
  url       = {https://doi.org/10.1080/03066150.2011.653344},
}

@Book{Shipton2007,
  author    = {Parker MacDonald Shipton},
  publisher = {Yale University Press},
  title     = {{The Nature of Entrustment: Intimacy, Exchange, and the Sacred in Africa}},
  year      = {2007},
  address   = {Yale},
}

@Article{Srinivasan2005,
  author    = {Sharada Srinivasan},
  journal   = {World Development},
  title     = {Daughters or dowries? The changing nature of dowry practices in south India},
  year      = {2005},
  month     = {apr},
  number    = {4},
  pages     = {593--615},
  volume    = {33},
  doi       = {10.1016/j.worlddev.2004.12.003},
  publisher = {Elsevier {BV}},
  url       = {https://doi.org/10.1016/j.worlddev.2004.12.003},
}

@TechReport{Srivastava2020,
  author      = {Ravi Srivastava},
  institution = {{ IHD-ISLE Webinar Series: Covid-19 and Its Implications for Economy, Work and Livelihoods.}},
  title       = {{Migrant Labour in the Shadow of the Pandemic}},
  year        = {2020},
  url         = {http://www.ihdindia.org/mailer/webinar/IHDISLE-Webinar-Covid-19-its-Implications-Economy-Work-Livelihoods.html},
}

@Misc{Thapar2020,
  author = {Karan Thapar},
  title  = {{Coronavirus Lockdown Has Already Done More Damage to Economy than Demonetisation}},
  year   = {2020},
}

@TechReport{UN2020,
  author       = {{UN}},
  institution  = {United Nations},
  title        = {{Private Debt and Human Rights}},
  year         = {2020},
  address      = {Geneva},
  type         = {techreport},
  edition      = {{Report of the Independent Expert on the effects of foreign debt and other related international financial obligations of States on the full enjoyment of human rights, particularly economic, social and cultural rights.}},
  organization = {UN},
}

@TechReport{UNCTAD2019,
  author      = {{UNCTAD}},
  institution = {United Nations},
  title       = {{Trade and Development Report 2019. Financing A Global Green New Deal}},
  year        = {2019},
  address     = {Geneva},
  type        = {Data},
}

@Book{Douglas1980,
  author    = {Mary Douglas and Baron Isherwood},
  publisher = {Penguin Books},
  title     = {{The World of Goods}},
  year      = {1980},
  address   = {Harmondsworth},
}

@InCollection{Landy2018,
  author    = {Frédéric Landy},
  booktitle = {{Diversity of Family Farming Around the World}},
  publisher = {Springer International Publishing},
  title     = {{Fragmentation of Irrigated Family Farms in Southern India}},
  year      = {2018},
  address   = {Basingstoke},
  editor    = {P.-M. Bosc},
}

@TechReport{Reboul2019,
  author      = {Elena Reboul and Isabelle Guérin and Antony Raj and Govindan Venkatasubramanian},
  institution = {CEB (Centre Emile Bernheim) and ULB (Université Libre de Bruxelles)},
  title       = {{Managing Economic Volatility. A Gender Perspective}},
  year        = {2019},
  number      = {19/015},
  type        = {CEB Working Paper},
}

@TechReport{WorldBank2020,
  author       = {{World Bank}},
  institution  = {The World Bank},
  title        = {{Global Waves of Debt. Causes and Consequences.}},
  year         = {2020},
  address      = {Washington DC},
  type         = {techreport},
  edition      = {International Bank for Reconstruction and Development},
  organization = {The World Bank},
}

@Misc{Ravallion2020,
  author       = {Martin Ravallion},
  howpublished = {blog},
  year         = {2020},
  url          = {https://blogs.worldbank.org/team/martin-ravallion},
}

@Misc{Deshpande2020,
  author       = {Satish Deshpande},
  howpublished = {Seminar},
  month        = apr,
  title        = {{Coronavirus: impact on Indian Economy}},
  year         = {2020},
}

@Article{Heyer2012,
  author    = {Judith Heyer},
  journal   = {Global Labour Journal},
  title     = {Labour Standards and Social Policy: A South Indian Case Study},
  year      = {2012},
  month     = {feb},
  number    = {1},
  volume    = {3},
  doi       = {10.15173/glj.v3i1.1114},
  publisher = {{McMaster} University Library Press},
  url       = {https://doi.org/10.15173/glj.v3i1.1114},
}

@Article{Majid2020,
  author  = {Nomaan Majid},
  journal = {The India Forum},
  title   = {How many casual workers in the cities have sought to go home ?},
  year    = {2020},
  month   = jun,
  url     = {https://www.theindiaforum.in/article/how-many-casual-workers-cities-have-sought-go-home},
}

@Article{Bercegol2020,
  author    = {Rémi de~Bercegol and Anthony Goreau-Ponceaud and Shankare Gowda and Antony Raj},
  journal   = {{EchoGéo}},
  title     = {Confiner les marges, marginaliser les confins~: la souffrance des oubliés du lockdown dans les villes indiennes},
  year      = {2020},
  month     = {may},
  doi       = {10.4000/echogeo.19289},
  publisher = {{OpenEdition}},
}

@Book{Cliggett2005,
  author    = {Lisa Cliggett},
  publisher = {Cornell University Press},
  title     = {{Grains from Grass: Aging, Gender and Famine in Rural Africa}},
  year      = {2005},
  address   = {New-York and London},
}

@Article{Rangasami1986,
  author  = {Amrita Rangasami},
  journal = {Economic \& Political Weekly},
  title   = {{Famine: The Anthropological Account: An Evaluation of the Work of Raymond Firth}},
  year    = {1986},
  number  = {36},
  pages   = {1591--1601},
  volume  = {21},
}

@Comment{jabref-meta: databaseType:bibtex;}
